@article{DBLP:journals/corr/McMahanMRA16,
  author    = {H. Brendan McMahan and
               Eider Moore and
               Daniel Ramage and
               Blaise Ag{\"{u}}era y Arcas},
  title     = {Federated Learning of Deep Networks using Model Averaging},
  journal   = {CoRR},
  volume    = {abs/1602.05629},
  year      = {2016},
  url       = {http://arxiv.org/abs/1602.05629},
  eprinttype = {arXiv},
  eprint    = {1602.05629},
  timestamp = {Mon, 13 Aug 2018 16:48:01 +0200},
  biburl    = {https://dblp.org/rec/journals/corr/McMahanMRA16.bib},
  bibsource = {dblp computer science bibliography, https://dblp.org}
}

@article{DBLP:journals/corr/abs-1812-01097,
  author    = {Sebastian Caldas and
               Peter Wu and
               Tian Li and
               Jakub Kone{\v{c}}n{\'y} and
               H. Brendan McMahan and
               Virginia Smith and
               Ameet Talwalkar},
  title     = {{LEAF:} {A} Benchmark for Federated Settings},
  journal   = {CoRR},
  volume    = {abs/1812.01097},
  year      = {2018},
  url       = {http://arxiv.org/abs/1812.01097},
  eprinttype = {arXiv},
  eprint    = {1812.01097},
  timestamp = {Wed, 23 Dec 2020 09:35:18 +0100},
  biburl    = {https://dblp.org/rec/journals/corr/abs-1812-01097.bib},
  bibsource = {dblp computer science bibliography, https://dblp.org}
}